@article{conformal_reg,
	Author = {Jing Lei and Max G'Sell and Alessandro Rinaldo and Ryan Tibshirani and Larry Wasserman},
	Title = {Distribution-Free Predictive Inference for Regression}, 
	Journal = {arXiv preprint arXiv:1604.04173},
	Url = {https://arxiv.org/abs/1604.04173}, 
	Year = {2017}}

@article{dt_surrogate1,
	Author = {Mark W. Craven and Jude W. Shavlik},
	Journal = {Advances in Neural Information Processing Systems},
	Title = {Extracting Tree-Structured Representations of Trained Networks },
	Url = {http://papers.nips.cc/paper/1152-extracting-tree-structured-representations-of-trained-networks.pdf},
	Year = {1996}}

@article{dt_surrogate2,
	title={Interpreting blackbox models via model extraction},
	author={Osbert Bastani and Carolyn Kim and Hamsa Bastani},
	journal={arXiv preprint arXiv:1705.08504},
	Url = {https://arxiv.org/pdf/1705.08504.pdf},
	year={2017}}

@inproceedings{lime,
	title={Why should {I} trust you?: {E}xplaining the predictions of any classifier},
	author={Marco Tulio Ribeiro and Sameer Singh and Carlos Guestrin},
	booktitle={Proceedings of the 22nd ACM SIGKDD International Conference on Knowledge Discovery and Data Mining},
	pages={1135--1144},
	year={2016},
	Url = {http://www.kdd.org/kdd2016/papers/files/rfp0573-ribeiroA.pdf},
	organization={ACM}}

@article{ice_plots,
	Author = {Alex Goldstein and Adam Kapelner and Justin Bleich and Emil Pitkin},
	Journal = {Journal of Computational and Graphical Statistics},
	Number = {1},
	Title = {Peeking Inside the Black Box: Visualizing Statistical Learning with Plots of Individual Conditional Expectation},
	Volume = {24},
	Year = {2015}}

@book{esl,
	Address = {New York},
	Author = {Jerome Friedman and Trevor Hastie and Robert Tibshirani},
	Booktitle = {\textit{The Elements of Statistical Learning}},
	Publisher = {Springer},
	Title = {\textbf{The Elements of Statistical Learning}},
	Url = {https://web.stanford.edu/~hastie/ElemStatLearn/printings/ESLII_print12.pdf},
	Year = {2001},
	Bdsk-Url-1 = {https://web.stanford.edu/~hastie/ElemStatLearn/printings/ESLII_print12.pdf}}

@incollection{shapley,
	title = {A Unified Approach to Interpreting Model Predictions},
	author = {Lundberg, Scott M and Lee, Su-In},
	booktitle = {Advances in Neural Information Processing Systems 30},
	editor = {I. Guyon and U. V. Luxburg and S. Bengio and H. Wallach and R. Fergus and S. Vishwanathan and R. Garnett},
	pages = {4765--4774},
	year = {2017},
	publisher = {Curran Associates, Inc.},
	url = {http://papers.nips.cc/paper/7062-a-unified-approach-to-interpreting-model-predictions.pdf}
}

@article{tree_shap,
	title={Consistent Individualized Feature Attribution for Tree Ensembles},
	author={Lundberg, Scott M and Erion, Gabriel G and Lee, Su-In},
	journal={arXiv preprint arXiv:1802.03888},
	year={2018},
	Url={https://arxiv.org/pdf/1706.06060.pdf}
}