@book{lfd,
	Address = {New York},
	Author = {Yaser S. Abu-Mostafa and Malik Magdon-Ismail and Hsuan-Tien Lin},
	Booktitle = {\textit{Learning from Data}},
	Publisher = {AMLBook},
	Title = {\textbf{Learning from Data}},
	note={URL: \url{https://work.caltech.edu/textbook.html}},
	Year = {2012}}

@inproceedings{grad_attr,
  title={Towards {B}etter {U}nderstanding of {G}radient-based {A}ttribution {M}ethods for {D}eep {N}eural {N}etworks},
  author={Ancona, Marco and Ceolini, Enea and Oztireli, Cengiz and Gross, Markus},
  booktitle={6th International Conference on Learning Representations (ICLR 2018)},
  note={URL: \url{https://www.research-collection.ethz.ch/bitstream/handle/20.500.11850/249929/Flow_ICLR_2018.pdf}},
  year={2018}}

@article{corels,
  title={Learning {C}ertifiably {O}ptimal {R}ule {L}ists for {C}ategorical {D}ata},
  author={Angelino, Elaine and Larus-Stone, Nicholas and Alabi, Daniel and Seltzer, Margo and Rudin, Cynthia},
  journal={Journal of Machine Learning Research},
  volume={18},
  number={234},
  pages={1--78},
  note={URL: \url{https://corels.eecs.harvard.edu/}},
  year={2018}}

@book{fairness_book,
  title = {Fairness and Machine Learning},
  author = {Solon Barocas and Moritz Hardt and Arvind Narayanan},
  publisher = {fairmlbook.org},
  note = {URL: \url{http://www.fairmlbook.org}},
  year = {2018}
}

@article{dt_surrogate2,
	title={Interpreting {B}lackbox {M}odels via {M}odel {E}xtraction},
	author={Osbert Bastani and Carolyn Kim and Hamsa Bastani},
	journal={arXiv preprint arXiv:1705.08504},
	note={URL: \url{https://arxiv.org/pdf/1705.08504.pdf}},
	year={2017}}

@book{cart,
  title={Classification and Regression Trees},
  author={Breiman, Leo and Friedman, Jerome H. and Olshen, Richard A. and Stone, Charles J.},
  year={1984},
  publisher={Routledge}}

@inproceedings{xgboost,
  title={X{GB}oost: {A} {S}calable {T}ree {B}oosting {S}ystem},
  author={Chen, Tianqi and Guestrin, Carlos},
  booktitle={Proceedings of the 22nd ACM SIGKDD International Conference on Knowledge Discovery and Data Mining},
  pages={785--794},
  year={2016},
  note={URL: \url{https://arxiv.org/pdf/1603.02754.pdf}},
  organization={ACM}}

@article{dt_surrogate1,
	Author = {Mark W. Craven and Jude W. Shavlik},
	Journal = {Advances in Neural Information Processing Systems},
	Title = {Extracting {T}ree-Structured {R}epresentations of {T}rained {N}etworks},
	note={URL: \url{http://papers.nips.cc/paper/1152-extracting-tree-structured-representations-of-trained-networks.pdf}},
	Year = {1996}}

@article{been_kim1,
	Author = {Finale Doshi-Velez and Been Kim},
	Title = {Towards a {R}igorous {S}cience of {I}nterpretable {M}achine {L}earning},
	Journal = {arXiv preprint arXiv:1702.08608},
	note={URL: \url{https://arxiv.org/pdf/1702.08608.pdf}},
	Year = {2017}}

@book{esl,
	Address = {New York},
	Author = {Jerome Friedman and Trevor Hastie and Robert Tibshirani},
	Booktitle = {\textit{The Elements of Statistical Learning}},
	Publisher = {Springer},
	Title = {\textbf{The Elements of Statistical Learning}},
	note={URL: \url{https://web.stanford.edu/~hastie/ElemStatLearn/printings/ESLII\_print12.pdf}},
	Year = {2001}}

@article{gilpin2018explaining,
	title={Explaining {E}xplanations: {A}n {A}pproach to {E}valuating {I}nterpretability of {M}achine {L}earning},
	author={Leilani H. Gilpin and David Bau and Ben Z. Yuan and Ayesha Bajwa and Michael Specter and Lalana Kagal},
	journal={arXiv preprint arXiv:1806.00069},
	note={URL: \url{https://arxiv.org/pdf/1806.00069.pdf}},
	year={2018}}

@article{ice_plots,
	Author = {Alex Goldstein and Adam Kapelner and Justin Bleich and Emil Pitkin},
	Journal = {Journal of Computational and Graphical Statistics},
	Number = {1},
	Title = {Peeking {I}nside the {B}lack {B}ox: {V}isualizing {S}tatistical {L}earning with {P}lots of {I}ndividual {C}onditional {E}xpectation},
	Volume = {24},
	Year = {2015},
  note={URL: \url{https://arxiv.org/pdf/1309.6392.pdf}}}

@article{guidotti2018survey,
  title={A {S}urvey of {M}ethods for {E}xplaining {B}lack {B}ox {M}odels},
  author={Guidotti, Riccardo and Monreale, Anna and Turini, Franco and Pedreschi, Dino and Giannotti, Fosca},
  journal={arXiv preprint arXiv:1802.01933},
  note={URL: \url{https://arxiv.org/pdf/1802.01933.pdf}},
  year={2018}}

@book{mli_booklet,
	Author = {Patrick Hall and Navdeep Gill},
  Year = {2018},
  Title = {An {I}ntroduction to {M}achine {L}earning {I}nterpretability},
  note={URL: \url{https://www.safaribooksonline.com/library/view/an-introduction-to/9781492033158/}},
  Publisher = {O'Reilly Media}}

@book{h2o_mli_booklet,
	Author = {Patrick Hall and Navdeep Gill and Megan Kurka and Wen Phan},
  Year = {2017},
  Title = {Machine Learning Interpretability with H2O Driverless AI},
  note={URL: \url{http://docs.h2o.ai/driverless-ai/latest-stable/docs/booklets/MLIBooklet.pdf}},
  Publisher = {H2O.ai}}

@article{lime-sup,
	title={Locally {I}nterpretable {M}odels and {E}ffects {B}ased on {S}upervised {P}artitioning ({LIME-SUP})},
	author={Linwei Hu and Jie Chen and Vijayan N. Nair and Agus Sudjianto},
	journal={arXiv preprint arXiv:1806.00663},
	note={URL: \url{https://arxiv.org/ftp/arxiv/papers/1806/1806.00663.pdf}},
	year={2018}}

@misc{uci ,
  author = "M. Lichman",
  year = "2013",
  title = "{UCI} {M}achine {L}earning {R}epository",
  note = "URL: \url{http://archive.ics.uci.edu/ml}",
  institution = "University of California, Irvine, School of Information and Computer Sciences"}

@article{lipton1,
  title={The {M}ythos of {M}odel {I}nterpretability},
  author={Lipton, Zachary C.},
  journal={arXiv preprint arXiv:1606.03490},
  year={2016},
  note={URL: \url{https://arxiv.org/pdf/1606.03490.pdf}}}

@article{tree_shap,
	title={Consistent {I}ndividualized {F}eature {A}ttribution for {T}ree {E}nsembles},
	author={Lundberg, Scott M. and Erion, Gabriel G. and Lee, Su-In},
	journal={arXiv preprint arXiv:1802.03888},
	year={2018},
	note={URL: \url{https://arxiv.org/pdf/1706.06060.pdf}}}

@incollection{shapley,
	title = {A {U}nified {A}pproach to {I}nterpreting {M}odel {P}redictions},
	author = {Lundberg, Scott M. and Lee, Su-In},
	booktitle = {Advances in Neural Information Processing Systems 30},
	editor = {I. Guyon and U. V. Luxburg and S. Bengio and H. Wallach and R. Fergus and S. Vishwanathan and R. Garnett},
	pages = {4765--4774},
	year = {2017},
	publisher = {Curran Associates, Inc.},
	note={URL: \url{http://papers.nips.cc/paper/7062-a-unified-approach-to-interpreting-model-predictions.pdf}}}

@article{raissi2017physics,
  title={Physics {I}nformed {D}eep {L}earning ({P}art {I}): {D}ata-driven {S}olutions of {N}onlinear {P}artial {D}ifferential {E}quations},
  author={Raissi, Maziar and Perdikaris, Paris and Karniadakis, George Em},
  journal={arXiv preprint arXiv:1711.10561},
  note={URL: \url{https://arxiv.org/pdf/1711.10561.pdf}},
  year={2017}}

@book{molnar,
  title = {Interpretable Machine Learning},
  author = {Christoph Molnar},
  publisher = {christophm.github.io/interpretable-ml-book},
  note = {URL: \url{https://christophm.github.io/interpretable-ml-book/}},
  year = {2018}}

@inproceedings{lime,
	title={Why {S}hould {I} {T}rust {Y}ou?: {E}xplaining the {P}redictions of {A}ny {C}lassifier},
	author={Marco Tulio Ribeiro and Sameer Singh and Carlos Guestrin},
	booktitle={Proceedings of the 22nd ACM SIGKDD International Conference on Knowledge Discovery and Data Mining},
	pages={1135--1144},
	year={2016},
	note={URL: \url{http://www.kdd.org/kdd2016/papers/files/rfp0573-ribeiroA.pdf}},
	organization={ACM}}

@inproceedings{anchors,
  title={Anchors: High-{P}recision {M}odel-agnostic {E}xplanations},
  author={Ribeiro, Marco Tulio and Singh, Sameer and Guestrin, Carlos},
  booktitle={{A}AAI {C}onference on {A}rtificial {I}ntelligence},
  note={URL: \url{https://homes.cs.washington.edu/~marcotcr/aaai18.pdf}},
  year={2018}
}

@misc{treeinterpreter,
  title={Interpreting {R}andom {F}orests},
  author={Saabas, Ando},
  note={URL: \url{http://blog.datadive.net/interpreting-random-forests/}},
  year={2014}}

@article{deeplift,
  title={Learning {I}mportant {F}eatures {T}hrough {P}ropagating {A}ctivation {D}ifferences},
  author={Shrikumar, Avanti and Greenside, Peyton and Kundaje, Anshul},
  journal={arXiv preprint arXiv:1704.02685},
  note={URL: \url{https://arxiv.org/pdf/1704.02685.pdf}},
  year={2017}}

@article{integrated_grads,
  title={Axiomatic {A}ttribution for {D}eep {N}etworks},
  author={Sundararajan, Mukund and Taly, Ankur and Yan, Qiqi},
  journal={arXiv preprint arXiv:1703.01365},
  note={URL: \url{https://arxiv.org/pdf/1703.01365.pdf}},
  year={2017}}

@article{slim,
  Author = {Ustun, Berk and Rudin, Cynthia},
  Journal = {Machine Learning},
  Number = {3},
  Pages = {349--391},
  Publisher = {Springer},
  Title = {{Supersparse {L}inear {I}nteger {M}odels for {O}ptimized {M}edical {S}coring {S}ystems}},
  Volume = {102},
  note={URL: \url{https://users.cs.duke.edu/~cynthia/docs/UstunTrRuAAAI13.pdf}},
  Year = {2016}}

@article{wf_xnn,
  title={Explainable {N}eural {N}etworks {B}ased on {A}dditive {I}ndex {M}odels},
  author={Vaughan, Joel and Sudjianto, Agus and Brahimi, Erind and Chen, Jie and Nair, Vijayan N},
  journal={arXiv preprint arXiv:1806.01933},
  note={URL: \url{https://arxiv.org/pdf/1806.01933.pdf}},
  year={2018}}

@book{ff_interpretability,
  author={Williams, Mike and others},
  title={Interpretability},
  publisher={Fast Forward Labs},
  year={2017},
  note={URL: \url{https://www.cloudera.com/products/fast-forward-labs-research.html}}}

@inproceedings{sbrl,
  title={Scalable {B}ayesian {R}ule {L}ists},
  author={Hongyu Yang and Cynthia Rudin and Margo Seltzer},
  booktitle = {Proceedings of the 34th International Conference on Machine Learning {(ICML)}},
  note={URL: \url{https://arxiv.org/pdf/1602.08610.pdf}},
  year={2017}}

@article{adversarial_sameer,
  title={Generating {N}atural {A}dversarial {E}xamples},
  author={Zhao, Zhengli and Dua, Dheeru and Singh, Sameer},
  journal={arXiv preprint arXiv:1710.11342},
  note={URL: \url{https://arxiv.org/pdf/1710.11342.pdf}},
  year={2017}}
