@inproceedings{gender_shades,
	title={Gender {S}hades: {I}ntersectional {A}ccuracy {D}isparities in {C}ommercial {G}ender {C}lassification},
	author={Buolamwini, Joy and Gebru, Timnit},
	booktitle={Conference on Fairness, Accountability and Transparency},
	pages={77--91},
	year={2018},
	note={URL: \url{http://proceedings.mlr.press/v81/buolamwini18a/buolamwini18a.pdf}}}
@article{hall2019guidelines,
  	title={Guidelines for the {R}esponsible {U}se of {E}xplainable {M}achine {L}earning},
  	author={Hall, Patrick and Navdeep Gill and Nicholas Schmidt},
  	journal={arXiv preprint arXiv:1906.03533},
  	year={2019},
	note={URL: \url{https://arxiv.org/pdf/1906.03533.pdf}}}
@article{kamiran2012data,
	title={Data {P}reprocessing {T}echniques for {C}lassification {W}ithout {D}iscrimination},
	author={Kamiran, Faisal and Calders, Toon},
 	journal={Knowledge and Information Systems},
	volume={33},
	number={1},
	pages={1--33},
	year={2012},
	publisher={Springer},
	note={URL: \url{https://bit.ly/2lH95lQ}}}
@inproceedings{kamiran2012decision,
	title={Decision {T}heory for {D}iscrimination-aware {C}lassification},
	author={Kamiran, Faisal and Karim, Asim and Zhang, Xiangliang},
	booktitle={2012 IEEE 12th International Conference on Data Mining},
	pages={924--929},
	year={2012},
	organization={IEEE}, 
	note={URL: \url{http://citeseerx.ist.psu.edu/viewdoc/download?doi=10.1.1.722.3030&rep=rep1&type=pdf}}}
@misc{kangdebugging,
  	title={Debugging {M}achine {L}earning {M}odels via {M}odel {A}ssertions},
  	author={Kang, Daniel and Raghavan, Deepti and Bailis, Peter and Zaharia, Matei},
	year={2019},
	note={URL: \url{https://www-cs.stanford.edu/~matei/papers/2018/mlsys_model_assertions.pdf}}}
@inproceedings{zemel2013learning,
	title={Learning {F}air {R}epresentations},
	author={Zemel, Rich and Wu, Yu and Swersky, Kevin and Pitassi, Toni and Dwork, Cynthia},
	booktitle={International Conference on Machine Learning},
	pages={325--333},
	year={2013},
	note={URL: \url{http://proceedings.mlr.press/v28/zemel13.pdf}}}
@inproceedings{zhang2018mitigating,
	title={Mitigating {U}nwanted {B}iases with {A}dversarial {L}earning},
	author={Zhang, Brian Hu and Lemoine, Blake and Mitchell, Margaret},
	booktitle={Proceedings of the 2018 AAAI/ACM Conference on AI, Ethics, and Society},
	pages={335--340},
	year={2018},
	organization={ACM},
	note={URL: \url{https://arxiv.org/pdf/1801.07593.pdf}}}


